

@InProceedings{Feiner93,
  author    = {MACIEL, Cristiano and VITERBO, José (Organizadores)},
  title     = {Computação e Sociedade - Volume 2},
  volume = {12},
  pages     = {108-140},
  year      = {2020},
  annote    = {Este capítulo é uma ampla discussão sobre o conceito de e - democracia, suas implicações e desafios}
}

%%
@InProceedings{Feiner94,
  author    = {BRUME, Bruno André},
  title     = {Sistema eleitoral francês: como funciona?},
  year      = {2020},
  annote    = {Disponível em: https://www.politize.com.br/sistema-eleitoral-frances-como-funciona/. Acesso em: 04 de janeiro, 2020.}
}

@InProceedings{Feiner95,
  title     = {Como funcionam as urnas eletrônicas de outros países?},
  year      = {2020},
  annote    = {Disponível em: https://olhardigital.com.br/2018/10/05/noticias/como-funcionam-as-urnas-eletronicas-de-outros-paises/.  Acesso em: 04 de janeiro, 2020.}
}

@InProceedings{Feiner96,
  title     = {Em todo o mundo, 26 países utilizam sistema eletrônico de votação},
  autor = {Tribunal Superior Eleitoral},
  year      = {2020},
  annote    = {Disponível em: https://www.tse.jus.br/imprensa/noticias-tse/2018/Outubro/em-todo-mundo-35-paises-utilizam-sistema-eletronico-de-votacao. Acesso em: 04 de janeiro, 2020.}
}

@InProceedings{Feiner97,
  title     = {Elections and Technology},
  year      = {2020},
  annote    = {Disponível em: https://aceproject.org/ace-en/topics/et/explore_topic_new. Acesso em: 06 de janeiro, 2020.}
}

@InProceedings{Feiner98,
  title     = {Eleições no Brasil - Uma história de 500 anos},
  year      = {2020},
  annote    = {Disponível em:
https://www.tse.jus.br/hotsites/catalogo-publicacoes/pdf/tse-eleicoes-no-brasil-uma-historia-de-500-anos-2014.pdf. Acesso em:04 de janeiro, 2020.}
}


@InProceedings{Feiner99,
  autor = {GARCIA. Jorge G.},
  title     = {Fake news seguem padrões concretos. E os algoritmos já conseguem rastreá-los},
  year      = {2020},
  annote    = {Disponível em
https://brasil.elpais.com/tecnologia/2020-06-11/fake-news-seguem-padroes-concretos-e-os-algoritmos-ja-conseguem-rastrea-los.html
Acesso em: 04 de janeiro, 2020.}
}


@InProceedings{Feiner100,
  title     = {TSE enfrenta benefícios e ameaças das novas tecnologias},
  year      = {2020},
  annote    = {Disponível em; 
https://www.conjur.com.br/2020-ago-09/tse-enfrenta-beneficios-ameacas-novas-tecnologias.  Acesso em: 04 de janeiro, 2020.}
}

@InProceedings{Feiner101,
  title     = {Uso da tecnologia nas eleições: democracia ou censura?},
  year      = {2020},
  annote    = {Disponível em:https://www.mitsloanreview.com.br/post/uso-da-tecnologia-nas-eleicoes-democracia-ou-censura.  Acesso em: 04 de janeiro, 2020. }
}

@InProceedings{Feiner102,
  title     = {Urna eletrônica: Entenda como funciona a transmissão dos votos},
  year      = {2020},
  annote    = {Diponível em: 
https://www.tre-df.jus.br/imprensa/noticias-tre-df/2014/Setembro/urna-eletronica-entenda-como-funciona-a-transmissao-dos-votos.
 Acesso em: 02 de janeiro, 2020. }
}

@InProceedings{Feiner102,
  title     = {Como funciona a urna eletrônica brasileira?},
  year      = {2020},
  annote    = {Disponível em; 
https://tecnoblog.net/42371/como-funciona-a-urna-eletronica-brasileira/.  Acesso em: 04 de janeiro, 2020. }
}

@InProceedings{Feiner103,
  title     = {Série Inclusão: tecnologia vai ampliar acesso das pessoas com deficiência nas Eleições 2020},
  year      = {2020},
  annote    = {Disponível em:
https://www.tse.jus.br/imprensa/noticias-tse/2020/Setembro/serie-inclusao-tecnologia-vai-ampliar-acesso-das-pessoas-com-deficiencia-nas-eleicoes-2020.  Acesso em: 04 de janeiro, 2020. }
}

@InProceedings{Feiner104,
  title     = {Evolução da Justiça Eleitoral no Brasil.},
  year      = {2020},
  annote    = {Disponível em: 
https://www.tre-pi.jus.br/o-tre/o-tre-pi/memoria-e-cultura/evolucao-da-justica-eleitoral-no-brasil.
 Acesso em: 02 de janeiro, 2020. }
}

 
@InProceedings{Feiner105,
  title     = {Tecnologia muda estratégia de comunicação em campanhas eleitorais},
  year      = {2020},
  annote    = {Disponível em; 
https://agenciabrasil.ebc.com.br/geral/noticia/2017-12/tecnologia-muda-estrategia-de-comunicacao-em-campanhas-eleitorais.  Acesso em: 04 de janeiro, 2020. }
}
 
@InProceedings{Feiner106,
  title     = {Tecnologia nas eleições: vale tudo?},
  year      = {2020},
  annote    = {Disponível em:
https://www.politize.com.br/tecnologia-eleicoes-naovaletudo/. Acesso em: 04 de janeiro, 2020. }
}

@InProceedings{Feiner107,
  title     = {Pandemia traz desafios às eleições},
  year      = {2020},
  annote    = {Disponível em: 
https://www.correiodopovo.com.br/especial/pandemia-traz-desafios-as-eleições-1.4729971. Acesso em: 02 de janeiro, 2020. }
}




@InProceedings{Feiner108,
  title     = {A cultura do voto eletrônico no Brasil: Contribuição Tecnológica para a Democracia e Comunicação Pública},
  year      = {2020},
  annote    = {Disponível em:
https://www.ipea.gov.br/panam/pdf/GT4\_Art3\_Gondo.pdf. Acesso em: 04 de janeiro, 2020. }
}
 
@InProceedings{Feiner109,
  title     = {Robôs e 'big data': as armas do marketing político para as eleições},
  year      = {2020},
  annote    = {Disponível em:  https://www.bbc.com/portuguese/brasil-41328015. Acesso em: 02 de janeiro, 2020. }
}