
@article{rstudio,
  title={RStudio: integrated development environment for R},
  author={Allaire, J},
  journal={Boston, MA},
  volume={770},
  pages={394},
  year={2012},
  publisher={Citeseer}
}

